@article{Huang,
	author="Huang, Yao-Ting and Huang, Yu-Wen",
	title="An efficient error correction algorithm using FM-index",
	journal="BMC Bioinformatics",
	year="2017",
	month="Nov",
	day="28",
	volume="18",
	number="1",
	pages="524",
	abstract="High-throughput sequencing offers higher throughput and lower cost for sequencing a genome. However, sequencing errors, including mismatches and indels, may be produced during sequencing. Because, errors may reduce the accuracy of subsequent de novo assembly, error correction is necessary prior to assembly. However, existing correction methods still face trade-offs among correction power, accuracy, and speed.",
	issn="1471-2105",
	doi="10.1186/s12859-017-1940-1",
	url="https://doi.org/10.1186/s12859-017-1940-1"
}

@misc{Huang2,
	author="Huang, Yao-Ting and Huang, Yu-Wen",
	title="An Efficient Error Correction Algorithm Using FM-index (Supplementary Material)",
	url="https://static-content.springer.com/esm/art%3A10.1186%2Fs12859-017-1940-1/MediaObjects/12859_2017_1940_MOESM1_ESM.pdf",
	lastchecked="14.01.2019"
}

@article{Staden,
	author="Staden R.",
	title="A strategy of DNA sequencing employing computer programs.",
	journal="Nucleic Acids Res.",
	year="1979"
}

@article{Anderson,
	author="Anderson S.",
	title="Shotgun DNA sequencing using cloned DNase I-generated fragments.",
	journal="Nucleic Acids Res.",
	year="1981"
} 

@misc{ShotgunImage,
	author="Commins, J., Toft, C., Fares, M. A.",
	title="Whole genome shotgun sequencing versus Hierarchical shotgun sequencing",
	url="https://en.wikipedia.org/wiki/Shotgun_sequencing#/media/File:Whole_genome_shotgun_sequencing_versus_Hierarchical_shotgun_sequencing.png",
	lastchecked="13.01.2019"
}

@misc{BurrowsWheeler,
	author="Burrows, M.; Wheeler, David J.",
	title="A block-sorting lossless data compression algorithm.",
	url="http://www.hpl.hp.com/techreports/Compaq-DEC/SRC-RR-124.html"
}

@INPROCEEDINGS{FmIndex,
author={P. Ferragina and G. Manzini},
booktitle={Proceedings 41st Annual Symposium on Foundations of Computer Science},
title={Opportunistic data structures with applications},
year={2000},
volume={},
number={},
pages={390-398},
keywords={data structures;data compression;database indexing;computational complexity;database theory;opportunistic data structures;data compression;data indexing;entropy;data set;query performance;search;succinct suffix array;suffix tree data structures;suffix array data structures;Glimpse tool;sublinear query time complexity;sublinear space complexity;Data structures;Indexing;Entropy;Costs;Tree data structures;Plugs;Computer science;Fault tolerance;Postal services;Data engineering},
doi={10.1109/SFCS.2000.892127},
ISSN={0272-5428},
month={Nov}
}

@article{FmIndexImpl,
author = {Li, Heng},
title = {Fast construction of FM-index for long sequence reads},
journal = {Bioinformatics},
volume = {30},
number = {22},
pages = {3274-3275},
year = {2014},
doi = {10.1093/bioinformatics/btu541},
URL = {http://dx.doi.org/10.1093/bioinformatics/btu541},
eprint = {/oup/backfile/content_public/journal/bioinformatics/30/22/10.1093_bioinformatics_btu541/2/btu541.pdf}
}

@article{FmIndexUsage,
author = {T Simpson, Jared and Durbin, Richard},
year = {2010},
month = {06},
pages = {i367-73},
title = {Simpson JT, Durbin R.. Efficient construction of an assembly string graph using the FM-index. Bioinformatics 26: i367-i373},
volume = {26},
journal = {Bioinformatics (Oxford, England)},
doi = {10.1093/bioinformatics/btq217}
}

@article{FmIndexExtension,
author = {Huang, Yao-Ting and Liao, Chen-Fu},
title = {Integration of string and de Bruijn graphs for genome assembly},
journal = {Bioinformatics},
volume = {32},
number = {9},
pages = {1301-1307},
year = {2016},
doi = {10.1093/bioinformatics/btw011},
URL = {http://dx.doi.org/10.1093/bioinformatics/btw011},
eprint = {/oup/backfile/content_public/journal/bioinformatics/32/9/10.1093_bioinformatics_btw011/4/btw011.pdf}
}

@misc{ReadQuality,
	author={Li, Heng},
	title="Correcting Illumina sequencing errors: extended background",
	year="2015",
	url="https://lh3.github.io/2015/02/13/comments-on-illumina-error-correction",
	lastchecked="13.01.2019"
}

@article{BfcPaper,
author = {Li, Heng},
title = {BFC: correcting Illumina sequencing errors},
journal = {Bioinformatics},
volume = {31},
number = {17},
pages = {2885-2887},
year = {2015},
doi = {10.1093/bioinformatics/btv290},
URL = {http://dx.doi.org/10.1093/bioinformatics/btv290},
eprint = {/oup/backfile/content_public/journal/bioinformatics/31/17/10.1093_bioinformatics_btv290/2/btv290.pdf}
}

@misc{ComparisonThesis,
	author="Eric Marinier",
	title="Error Correction of Second-Generation Sequencing Reads",
	url="https://uwspace.uwaterloo.ca/bitstream/handle/10012/8996/Marinier_Eric.pdf?sequence=1",
	lastchecked="14.01.2019"
}

@misc{FmIndexLecture,
	author="Ben Langmead",
	title="Burrows-Wheeler Transform and FM Index",
	url="https://www.cs.jhu.edu/~langmea/resources/lecture_notes/bwt_and_fm_index.pdf",
	lastchecked="13.01.2019"
}

@article{Coral,
author = {Salmela, Leena and Schröder, Jan},
title = {Correcting errors in short reads by multiple alignments},
journal = {Bioinformatics},
volume = {27},
number = {11},
pages = {1455-1461},
year = {2011},
doi = {10.1093/bioinformatics/btr170},
URL = {http://dx.doi.org/10.1093/bioinformatics/btr170},
eprint = {/oup/backfile/content_public/journal/bioinformatics/27/11/10.1093/bioinformatics/btr170/3/btr170.pdf}
}

@article{Karect,
author = {Allam, Amin and Kalnis, Panos and Solovyev, Victor},
year = {2015},
month = {07},
pages = {},
title = {Karect: Accurate Correction of Substitution, Insertion and Deletion Errors for Next-generation Sequencing Data},
volume = {31},
journal = {Bioinformatics (Oxford, England)},
doi = {10.1093/bioinformatics/btv415}
}

@article{QuorUm,
	author="Marçais G, Yorke JA, Zimin A.",
	title="QuorUM: An Error Corrector for Illumina Reads."
	year="2015"
}